@misc{http-caching, title={HTTP caching - http: MDN}, url={https://developer.mozilla.org/en-US/docs/Web/HTTP/Caching}, journal={HTTP | MDN},
Urldate = {2022-4-11}}
 
@online{microfrontend,
  author={Cam Jackson},
  title={Micro Frontends},
  year={2019},
  url={https://martinfowler.com/articles/micro-frontends.html},
  urldate={2022-4-11}
}

@conference{Taibi2019,
author="Taibi, {D}avide
and Syst{\"a}, {K}ari",
title="From Monolithic Systems to Microservices: A Decomposition Framework based on Process Mining",
booktitle="Proceedings of the 9th International Conference on Cloud Computing and Services Science - Volume 1: CLOSER,",
year="2019",
pages="153-164",
publisher="SciTePress",
organization="INSTICC",
doi="10.5220/0007755901530164",
}

 
 @misc{native-mobile, title={Native vs. Cross-Platform App Development}, url={https://builtin.com/software-engineering-perspectives/native-vs-cross-platform-app-development},
 Urldate = {2022-4-11}}
 
 @misc{consumer-contract, title={Consumer-Driven Contracts: A Service Evolution Pattern}, url={https://martinfowler.com/articles/consumerDrivenContracts.html},
 Urldate = {2022-4-11}}
 
@book{spring-in-action,
author = {Carnell, John},
title = {Spring Microservices in Action, Chapter 7},
year = {2017},
isbn = {1617293989},
publisher = {Manning Publications Co.},
address = {USA},
edition = {1st},
}

@book{carnell2021spring,
  title={Spring Microservices in Action, Second Edition},
  author={Carnell, J. and S{\'a}nchez, I.H.},
  isbn={9781617296956},
  lccn={2021287784},
  url={https://books.google.com/books?id=Ksu9zQEACAAJ},
  year={2021},
  publisher={Manning}
}


@misc{websocket, title={WebSocket Protocol}, url={https://datatracker.ietf.org/doc/html/rfc6455},
Urldate = {2022-4-11}}

@inproceedings{brown2016implementation,
  title={Implementation patterns for microservices architectures},
  author={Brown, Kyle and Woolf, Bobby},
  booktitle={Proceedings of the 23rd Conference on Pattern Languages of Programs},
  pages={1--35},
  year={2016}
}

@inproceedings{harms2017guidelines,
  title={Guidelines for adopting frontend architectures and patterns in microservices-based systems},
  author={Harms, Holger and Rogowski, Collin and Lo Iacono, Luigi},
  booktitle={Proceedings of the 2017 11th Joint Meeting on Foundations of Software Engineering},
  pages={902--907},
  year={2017}
}

@article{montesi2016circuit,
  title={Circuit breakers, discovery, and API gateways in microservices},
  author={Montesi, Fabrizio and Weber, Janine},
  journal={arXiv preprint arXiv:1609.05830},
  year={2016}
}

@article{akbulut2019performance,
  title={Performance analysis of microservice design patterns},
  author={Akbulut, Akhan and Perros, Harry G},
  journal={IEEE Internet Computing},
  volume={23},
  number={6},
  pages={19--27},
  year={2019},
  publisher={IEEE}
}

@article{peltonen2021motivations,
  title={Motivations, benefits, and issues for adopting micro-frontends: a multivocal literature review},
  author={Peltonen, Severi and Mezzalira, Luca and Taibi, Davide},
  journal={Information and Software Technology},
  volume={136},
  pages={106571},
  year={2021},
  publisher={Elsevier}
}

@article{cerny2018contextual,
  title={Contextual understanding of microservice architecture: current and future directions},
  author={Cerny, Tomas and Donahoo, Michael J and Trnka, Michal},
  journal={ACM SIGAPP Applied Computing Review},
  volume={17},
  number={4},
  pages={29--45},
  year={2018},
  publisher={ACM New York, NY, USA}
}

%% Related Work

@inproceedings{marquez2018pattern,
  title={A pattern language for scalable microservices-based systems},
  author={M{\'a}rquez, Gast{\'o}n and Villegas, M{\'o}nica M and Astudillo, Hern{\'a}n},
  booktitle={Proceedings of the 12th European Conference on Software Architecture: Companion Proceedings},
  pages={1--7},
  year={2018}
}

@inproceedings{stocker2018interface,
  title={Interface quality patterns: Communicating and improving the quality of microservices Apis},
  author={Stocker, Mirko and Zimmermann, Olaf and Zdun, Uwe and L{\"u}bke, Daniel and Pautasso, Cesare},
  booktitle={Proceedings of the 23rd European Conference on Pattern Languages of Programs},
  pages={1--16},
  year={2018}
}

@inproceedings{lubke2019interface,
  title={Interface evolution patterns: balancing compatibility and extensibility across service life cycles},
  author={L{\"u}bke, Daniel and Zimmermann, Olaf and Pautasso, Cesare and Zdun, Uwe and Stocker, Mirko},
  booktitle={Proceedings of the 24th European Conference on Pattern Languages of Programs},
  pages={1--24},
  year={2019}
}

@inproceedings{marquez2018actual,
  title={Actual use of architectural patterns in microservices-based open source projects},
  author={M{\'a}rquez, Gast{\'o}n and Astudillo, Hern{\'a}n},
  booktitle={2018 25th Asia-Pacific Software Engineering Conference (APSEC)},
  pages={31--40},
  year={2018},
  organization={Ieee}
}

@article{osses2018exploratory,
  title={An exploratory study of academic architectural tactics and patterns in microservices: A systematic literature review},
  author={Osses, Felipe and M{\'a}rquez, Gast{\'o}n and Astudillo, Hern{\'a}n},
  journal={Avances en Ingenieria de Software a Nivel Iberoamericano, CIbSE},
  volume={2018},
  pages={71--84},
  year={2018}
}

@inproceedings{valdivia2019quality,
  title={Quality attributes in patterns related to microservice architecture: a Systematic Literature Review},
  author={Valdivia, Jos{\'e} A and Lim{\'o}n, Xavier and Cortes-Verdin, Karen},
  booktitle={2019 7th International Conference in Software Engineering Research and Innovation (CONISOFT)},
  pages={181--190},
  year={2019},
  organization={IEEE}
}

 %New Citations
 
@inproceedings{zhou2018benchmarking,
  author       = {Xiang Zhou and
                  Xin Peng and
                  Tao Xie and
                  Jun Sun and
                  Chenjie Xu and
                  Chao Ji and
                  Wenyun Zhao},
  editor       = {Michel Chaudron and
                  Ivica Crnkovic and
                  Marsha Chechik and
                  Mark Harman},
  title        = {Benchmarking microservice systems for software engineering research},
  booktitle    = {Proceedings of the 40th International Conference on Software Engineering:
                  Companion Proceeedings, {ICSE} 2018, Gothenburg, Sweden, May 27 -
                  June 03, 2018},
  pages        = {323--324},
  publisher    = {{ACM}},
  year         = {2018},
  url          = {https://doi.org/10.1145/3183440.3194991},
  doi          = {10.1145/3183440.3194991},
  timestamp    = {Fri, 05 Nov 2021 10:54:24 +0100},
  biburl       = {https://dblp.org/rec/conf/icse/ZhouPX0XJZ18.bib},
  bibsource    = {dblp computer science bibliography, https://dblp.org}
}

@misc{lewis2014microservices, title={Microservices}, author={Lewis, James and Fowler, Martin}, url={https://martinfowler.com/articles/microservices.html}, journal={martinfowler.com}, lastaccessed = "April 17, 2023",
  year={2014}} 
 
@article{jiang2015survey,
  author={Jiang, Zhen Ming and Hassan, Ahmed E.},
  journal={IEEE Transactions on Software Engineering}, 
  title={A Survey on Load Testing of Large-Scale Software Systems}, 
  year={2015},
  volume={41},
  number={11},
  pages={1091-1118},
  doi={10.1109/TSE.2015.2445340}}

@inproceedings{jiang2008automatic,
  author={Jiang, Zhen Ming and Hassan, Ahmed E. and Hamann, Gilbert and Flora, Parminder},
  booktitle={2008 IEEE International Conference on Software Maintenance}, 
  title={Automatic identification of load testing problems}, 
  year={2008},
  volume={},
  number={},
  pages={307-316},
  doi={10.1109/ICSM.2008.4658079}}

@ARTICLE{thones2015microservices,
  author={Thönes, Johannes},
  journal={IEEE Software}, 
  title={Microservices}, 
  year={2015},
  volume={32},
  number={1},
  pages={116-116},
  doi={10.1109/MS.2015.11}}

@INPROCEEDINGS{aderaldo2017benchmark,
  author={Aderaldo, Carlos M. and Mendonça, Nabor C. and Pahl, Claus and Jamshidi, Pooyan},
  booktitle={2017 IEEE/ACM 1st International Workshop on Establishing the Community-Wide Infrastructure for Architecture-Based Software Engineering (ECASE)}, 
  title={Benchmark Requirements for Microservices Architecture Research}, 
  year={2017},
  volume={},
  number={},
  pages={8-13},
  doi={10.1109/ECASE.2017.4}}

@inproceedings{grambow2020benchmark,
author = {Grambow, Martin and Meusel, Lukas and Wittern, Erik and Bermbach, David},
title = {Benchmarking Microservice Performance: A Pattern-Based Approach},
year = {2020},
isbn = {9781450368667},
publisher = {Association for Computing Machinery},
address = {New York, NY, USA},
url = {https://doi.org/10.1145/3341105.3373875},
doi = {10.1145/3341105.3373875},
booktitle = {Proceedings of the 35th Annual ACM Symposium on Applied Computing},
pages = {232–241},
numpages = {10},
location = {Brno, Czech Republic},
series = {SAC '20}
}

@inproceedings{arlitt2015iotabench,
author = {Arlitt, Martin and Marwah, Manish and Bellala, Gowtham and Shah, Amip and Healey, Jeff and Vandiver, Ben},
title = {IoTAbench: An Internet of Things Analytics Benchmark},
year = {2015},
isbn = {9781450332484},
publisher = {Association for Computing Machinery},
address = {New York, NY, USA},
url = {https://doi.org/10.1145/2668930.2688055},
doi = {10.1145/2668930.2688055},
booktitle = {Proceedings of the 6th ACM/SPEC International Conference on Performance Engineering},
pages = {133–144},
numpages = {12},
keywords = {internet of things, big data, benchmarking, performance evaluation},
location = {Austin, Texas, USA},
series = {ICPE '15}
}

@article{shukla2017riotbench,
author = {Shukla, Anshu and Chaturvedi, Shilpa and Simmhan, Yogesh},
title = {RIoTBench: An IoT benchmark for distributed stream processing systems},
journal = {Concurrency and Computation: Practice and Experience},
volume = {29},
number = {21},
pages = {e4257},
keywords = {benchmark, big data applications, dataflows, distributed stream processing, Internet of Things, performance evaluation},
doi = {https://doi.org/10.1002/cpe.4257},
url = {https://onlinelibrary.wiley.com/doi/abs/10.1002/cpe.4257}, note = {e4257 cpe.4257}, year = {2017}
}

@article{ahmad2022comprehensive,
title = {A comprehensive deep learning benchmark for IoT IDS},
journal = {Computers & Security},
volume = {114},
pages = {102588},
year = {2022},
issn = {0167-4048},
doi = {https://doi.org/10.1016/j.cose.2021.102588},
url = {https://www.sciencedirect.com/science/article/pii/S0167404821004119},
author = {Rasheed Ahmad and Izzat Alsmadi and Wasim Alhamdani and Lo'ai Tawalbeh},
keywords = {Intrusion detection system (IDS), Machine learning, Deep learning, Large-scale attacks, Internet of Things (IoT), Benchmark network dataset},
}


@misc{hamilton2023response, title={Response Time Testing - How to Measure for API?},
author={Thomas Hamilton}, url={https://www.guru99.com/response-time-testing.html}, lastaccessed = "April 24, 2023", year={2023}}

@misc{trainticket, title={Train-Ticket}, author={FudanSELab}, url={https://github.com/FudanSELab/train-ticket}, publisher={GitHub}, journal={GitHub Repository}, lastaccessed = "February 2 2023", year={2022}} 

@misc{eshop, title={eShopOnContainers}, author={.NET Application}, url={https://github.com/dotnet-architecture/eShopOnContainers}, publisher={GitHub}, journal={GitHub Repository}, lastaccessed = "February 4 2023", year={2023}} 

@misc{gatling, title={Gatling}, author={Gatling}, url={https://gatling.io/docs/gatling/reference/current/}, lastaccessed = "February 2 2023", year={2023}} 

@misc{selenium, title={Selenium}, 
author={Selenium}, url={https://www.selenium.dev/documentation/}, lastaccessed = "February 2 2023", year={2023}} 

@misc{benchmark_info, title={What is Benchmark Testing?}, author={Thomas Hamilton}, url={https://www.guru99.com/benchmark-testing.html}, lastaccessed = "April 15 2023", date={2023}} 

@misc{zenodo, 
title={Communities}, 
author={Zenodo}, 
url={https://zenodo.org/communities}, lastaccessed = "April 17 2023"}

@misc{zenodo_benchmark, 
title={Case Study of Test Benchmark for Microservices: Train-Ticket and eShopOnContainers},
author={Sheldon Smith and Ethan Robinson and Timmy Frederiksen and Trae Stevens}, 
url={https://doi.org/10.5281/zenodo.7877723}, 
year ={2023},
}


@misc{browserStack_selenium, title={Selenium}, author={BrowserStack}, url={https://www.browserstack.com/selenium}, lastaccessed= "April 18 2023"}

@misc{katalon, title={Katalon Automation Recorder Quickstart}, author={Katalon}, url={https://katalon.com/resources-center/blog/katalon-automation-recorder}, lastaccessed= "April 19 2023", year={2023}}

@misc{html_unit, title={HtmlUnit}, author={Gargoyle Software Inc}, url={https://htmlunit.sourceforge.io/}, lastaccessed= "April 19 2023", year={2023}}

@misc{testng, title={TestNG}, author={Cédric Beust}, url={https://testng.org/doc/}, lastaccessed= "April 19 2023", year={2022}}

@misc{cross_browser_testing, title={A Systematic Literature Review in Cross-browser Testing}, author={Leandro Sabaren, Maximiliano Mascheroni, Cristina Greiner, Emanuel Irrazábal}, url={https://www.researchgate.net/publication/325029682_A_Systematic_Literature_Review_in_Cross-browser_Testing}, lastaccessed= "April 17 2023", year={2018}}

@misc{peachpit, title={Advanced Browser and Platform Compatibility}, author={Drew McLellan}, url={https://www.peachpit.com/articles/article.aspx?p=31079&seqNum=2}, lastaccessed= "April 17 2023", year={2003}}

@misc{smartbear_cross_browser_testing, title={What is Cross Browser Testing?}, author={Alex McPeak}, url={https://smartbear.com/blog/what-is-cross-browser-testing/}, lastaccessed= "April 17 2023", year={2017}}
